@string(RED="Review of Economic Dynamics")
@string(JME="Journal of Monetary Economics")
@string(JAE="Journal of Applied Econometrics")
@string(JEDC="Journal of Economic Dynamics and Control")
@string(AER="American Economic Review")
@string(JMCB="Journal of Money, Credit and Banking")
@string(RES="Review of Economics and Statistics");


@article{ireland_tech_2004,
  author="Peter N. Ireland",
  title="Technology Shocks in the New Keynesian Model",
  journal=RES,
  volume=84,
  pages="923-936",
  year=2004
}


@unpublished{murray2011,
  author="James M. Murray",
  title="Learning with Judgment Shocks in U.S. Business Cycles",
  note="Working Paper",
  year=2011,
}

@unpublished{murray2010,
  author="James M. Murray",
  title="Regime Switching, Learning, and the Great Moderation",
  note="Working Paper",
  year=2010
}

@unpublished{slobodyan_wouters_2007,
  author="Sergey Slobodyan and Raf Wouters",
  title="Learning in an Estimated Medium-Sized DSGE Model",
  note="Mimeo",
  year=2007
}

@unpublished{slobodyan_wouters_2008,
  author="Sergey Slobodyan and Raf Wouters",
  title="Estimating a Medium-Scale DSGE Model with Expectations Based on Small Forecasting Models",
  note="Mimeo",
  year=2008
}

@article{smetswouters2007,
  author="Frank Smets and Rafael Wouters",
  title="Shocks and Frictions in US Business Cycles: A Bayesian DSGE Approach",
  journal=AER,
  volume=97,
  pages="586-606",
  year=2007
}

@unpublished{coganetal2010,
  author="John F. Cogan and Tobias Cwik and John B. Taylor and Volker Wieland",
  title="New Keynesian versus Old Keynesian Government Spending Multipliers",
  note="Working Paper",
  year=2010
}

@unpublished{cwikweiland2010,
  author="Tobias Cwik and Volker Wieland",
  title="Keynesian Government Spending Multipliers and Spillovers in the Euro Area",
  note="European Central Bank Working Paper No. 1267",
  year=2010
}

@unpublished{uhlig2010,
  author="Harold Uhlig",
  title="Some Fiscal Calculus",
  note="Working Paper",
  year=2010
}

@unpublished{coenen17,
  author="G. Coenen and C. J. Erceg and C. Freedman and D. Furceri and M. Kumhof and R. Lalonde and D. Laxton and J. Linde and A. Mourougane and D. Muir and S. Mursula and C. de Resende and J. Roberts and W. Roeger and S. Snudden and M. Trabandt and J. in't Veld",
  title="Effects of fiscal stimulus in structural models",
  note="IMF Working Papers",
  year=2010
}

@unpublished{ltw2010,
  author="Eric Leeper and Nora Traum and Todd Walker",
  title="The Fiscal Multiplier Morass: A Bayesian Perspective",
  note="Working Paper",
  year=2010
}